@Comment А вот так оформляется библиография при помощи BibTeX.

@book{Levenshtein,
  title={Двоичные коды с исправлением выпадений, вставок и замещений символов},
  author={Левенштейн, B.И.},
  isbn={9785457707351},
  url={http://mi.mathnet.ru/dan31411},
  year={1965},
  publisher={Докл. АН СССР},
  pages={845-848},
  language = "russian",
}
@book{cpplang,
  title={Программирование. Принципы и практика использования С++},
  author={Страуструп, Б.},
  isbn={9785457707351},
  url={https://books.google.ru/books?id=kttwBgAAQBAJ},
  year={2011},
  publisher={ООО ИД Вильямс},
 language = "russian",
}


@manual{cmake,
 url={https://cmake.org/},
 title={CMake},
 urldate = {10.10.2021},
 language = "russian",
 media = {eresource}
} 


@manual{clion,
 url={https://www.jetbrains.com/clion/},
 title={CLion: A Cross-Platform IDE for C and C++ by JetBrains},
 urldate = {10.10.2021},
 language = "russian",
 media = {eresource}
} 


@manual{json,
 url={https://www.json.org/json-en.html},
 title={Introducing JSON},
 urldate = {10.10.2021},
 language = "russian",
 media = {eresource}
} 

@manual{boost,
 url={https://www.boost.org/},
 title={Boost C++ Libraries},
 urldate = {10.10.2021},
 language = "russian",
 media = {eresource}
} 


@manual{clock,
 url={https://www.opennet.ru/man.shtml?topic=clock&category=3&russian=0},
 title={Clock: Интерактивная система просмотра системных руководств},
 urldate = {10.10.2021},
 language = "russian",
 media = {eresource}
} 


@manual{cpplint,
 url={https://github.com/cpplint/cpplint},
 title={cpplint/cpplint: Static code checker for C++},
 urldate = {25.08.2021},
 language = "russian",
 media = {eresource}
} 
